<marc:record>
<marc:leader>02916cam a2200577 a 4500</marc:leader>
<marc:controlfield tag="001">341332</marc:controlfield>
<marc:controlfield tag="005">20130214152512.0</marc:controlfield>
<marc:controlfield tag="008">860206s1771    enk           00000 eng d</marc:controlfield>
<marc:datafield ind1=" " ind2=" " tag="035">
<marc:subfield code="a">(PUVoyagerBIBID)201610</marc:subfield>
</marc:datafield>
<marc:datafield ind1=" " ind2=" " tag="035">
<marc:subfield code="a">(CStRLIN)PAUG86-B4813</marc:subfield>
</marc:datafield>
<marc:datafield ind1=" " ind2=" " tag="035">
<marc:subfield code="a">(MediadbVoyBIBID)341332</marc:subfield>
</marc:datafield>
<marc:datafield ind1=" " ind2=" " tag="035">
<marc:subfield code="a">(END)sm_PR3291_A1_A44_1771</marc:subfield>
</marc:datafield>
<marc:datafield ind1=" " ind2=" " tag="035">
<marc:subfield code="a">(CaOTULAS)121282420</marc:subfield>
</marc:datafield>
<marc:datafield ind1=" " ind2=" " tag="035">
<marc:subfield code="9">ABC6737</marc:subfield>
</marc:datafield>
<marc:datafield ind1=" " ind2=" " tag="040">
<marc:subfield code="a">PU</marc:subfield>
<marc:subfield code="c">PU</marc:subfield>
</marc:datafield>
<marc:datafield ind1=" " ind2=" " tag="090">
<marc:subfield code="a">PR3291.A1</marc:subfield>
<marc:subfield code="b">A44 1771</marc:subfield>
<marc:subfield code="i">02/10/86 CTZ</marc:subfield>
</marc:datafield>
<marc:datafield ind1="0" ind2="4" tag="245">
<marc:subfield code="a">The Affected indifference :</marc:subfield>
<marc:subfield code="b">a novel.</marc:subfield>
</marc:datafield>
<marc:datafield ind1=" " ind2=" " tag="246">
<marc:subfield code="a">The affected indifference, a novel. Vol. I.</marc:subfield>
<marc:subfield code="d">Letter-press</marc:subfield>
<marc:subfield code="x">Volume</marc:subfield>
<marc:subfield code="g">Full</marc:subfield>
<marc:subfield code="v">v.1</marc:subfield>
</marc:datafield>
<marc:datafield ind1=" " ind2=" " tag="246">
<marc:subfield code="a">The affected indifference: a novel. Vol. II.</marc:subfield>
<marc:subfield code="d">Letter-press</marc:subfield>
<marc:subfield code="x">Volume</marc:subfield>
<marc:subfield code="g">Full</marc:subfield>
<marc:subfield code="v">v.2</marc:subfield>
</marc:datafield>
<marc:datafield ind1="0" ind2="7" tag="246">
<marc:subfield code="a">The affected indifference.</marc:subfield>
<marc:subfield code="v">v.1</marc:subfield>
<marc:subfield code="v">v.2</marc:subfield>
</marc:datafield>
<marc:datafield ind1=" " ind2=" " tag="260">
<marc:subfield code="a">London</marc:subfield>
<marc:subfield code="b">London: printed for F. and J. Noble, at their respective circulating libraries, near Middle Row, Holborn, and Saint Martin's Court, near Leicester Square.</marc:subfield>
<marc:subfield code="c">M DCC LXXI</marc:subfield>
<marc:subfield code="a">[London]</marc:subfield>
</marc:datafield>
<marc:datafield ind1=" " ind2=" " tag="300">
<marc:subfield code="a">2 v. ;</marc:subfield>
<marc:subfield code="c">17 cm. (12mo)</marc:subfield>
<marc:subfield code="x">Duodecimo</marc:subfield>
<marc:subfield code="a">[2 v.]</marc:subfield>
</marc:datafield>
<marc:datafield ind1=" " ind2=" " tag="500">
<marc:subfield code="a">On first page of text of each volume, top of page reads ""The affected indifference: a sentimental history,"" although this variant title does not receive its own title page in either volume."</marc:subfield>
</marc:datafield>
<marc:datafield ind1=" " ind2=" " tag="500">
<marc:subfield code="a">No mention of author</marc:subfield>
</marc:datafield>
<marc:datafield ind1=" " ind2=" " tag="500">
<marc:subfield code="a">In back of volume 1, advertisements for novels that ""speedily will be published"" by the same publisher"</marc:subfield>
</marc:datafield>
<marc:datafield ind1=" " ind2=" " tag="500">
<marc:subfield code="a">In back of volume 2, advertisement for novels ""lately published."", no mention of publisher"</marc:subfield>
</marc:datafield>
<marc:datafield ind1="4" ind2=" " tag="510">
<marc:subfield code="a">ESTC (RLIN)</marc:subfield>
<marc:subfield code="c">N29406</marc:subfield>
</marc:datafield>
<marc:datafield ind1="4" ind2=" " tag="510">
<marc:subfield code="a">English novel, 1770-1829,</marc:subfield>
<marc:subfield code="c">1771: 2</marc:subfield>
</marc:datafield>
<marc:datafield ind1=" " ind2=" " tag="592">
<marc:subfield code="a">Epistolary</marc:subfield>
<marc:subfield code="x">Letters are numbered</marc:subfield>
<marc:subfield code="x">In the middle of some letters, ""In continuation."" is written in large print"</marc:subfield>
</marc:datafield>
<marc:datafield ind1=" " ind2=" " tag="594">
<marc:subfield code="a">E. Bateman 2 vol.</marc:subfield>
<marc:subfield code="b">Ink</marc:subfield>
<marc:subfield code="x">Name is inscribed on top of title page, has been cut off at the top</marc:subfield>
<marc:subfield code="v">v.1</marc:subfield>
</marc:datafield>
<marc:datafield ind1=" " ind2=" " tag="594">
<marc:subfield code="a">E. Bateman</marc:subfield>
<marc:subfield code="b">Ink</marc:subfield>
<marc:subfield code="x">Inscribed on top of title page</marc:subfield>
<marc:subfield code="v">v.2</marc:subfield>
</marc:datafield>
<marc:datafield ind1=" " ind2="7" tag="656">
<marc:subfield code="a">Epistolary novels</marc:subfield>
<marc:subfield code="z">England</marc:subfield>
<marc:subfield code="y">18th century.</marc:subfield>
<marc:subfield code="2">rbgenr</marc:subfield>
</marc:datafield>
<marc:datafield ind1=" " ind2="4" tag="650">
<marc:subfield code="a">CHR 1771</marc:subfield>
</marc:datafield>
<marc:datafield ind1=" " ind2="4" tag="650">
<marc:subfield code="a">PRO Bateman, E. (autograph)</marc:subfield>
</marc:datafield>
<marc:datafield ind1=" " ind2=" " tag="656">
<marc:subfield code="a">Fiction</marc:subfield>
<marc:subfield code="b">Back</marc:subfield>
<marc:subfield code="c">Same genre</marc:subfield>
<marc:subfield code="c">Same publisher</marc:subfield>
</marc:datafield>
<marc:datafield ind1=" " ind2=" " tag="656">
<marc:subfield code="a">Fiction</marc:subfield>
<marc:subfield code="b">Back</marc:subfield>
<marc:subfield code="c">Same genre</marc:subfield>
</marc:datafield>
<marc:datafield ind1=" " ind2=" " tag="700">
<marc:subfield code="a">E. Bateman</marc:subfield>
<marc:subfield code="4">Inscribed name</marc:subfield>
<marc:subfield code="5">Unauthorized</marc:subfield>
</marc:datafield>
<marc:datafield ind1=" " ind2=" " tag="700">
<marc:subfield code="a">F. Noble</marc:subfield>
<marc:subfield code="4">Published by</marc:subfield>
<marc:subfield code="5">Unauthorized</marc:subfield>
</marc:datafield>
<marc:datafield ind1=" " ind2=" " tag="700">
<marc:subfield code="a">J. Noble</marc:subfield>
<marc:subfield code="4">Published by</marc:subfield>
<marc:subfield code="5">Unauthorized</marc:subfield>
</marc:datafield>
<marc:datafield ind1=" " ind2=" " tag="710">
<marc:subfield code="a">F. and J. Noble (London, England)</marc:subfield>
<marc:subfield code="4">Published by</marc:subfield>
<marc:subfield code="5">Authorized</marc:subfield>
</marc:datafield>
<marc:datafield ind1="2" ind2=" " tag="710">
<marc:subfield code="a">Collection of British and American Fiction, 1660-1830 (University of Pennsylvania)</marc:subfield>
</marc:datafield>
<marc:datafield ind1="2" ind2=" " tag="710">
<marc:subfield code="a">Early Novels</marc:subfield>
<marc:subfield code="5">University of Pennsylvania</marc:subfield>
</marc:datafield>
<marc:datafield ind1=" " ind2=" " tag="752">
<marc:subfield code="a">England</marc:subfield>
<marc:subfield code="d">London.</marc:subfield>
</marc:datafield>
<marc:datafield ind1="0" ind2="1" tag="852">
<marc:subfield code="b">scsing</marc:subfield>
<marc:subfield code="t">1</marc:subfield>
<marc:subfield code="h">PR3291.A1</marc:subfield>
<marc:subfield code="i">A44 1771</marc:subfield>
</marc:datafield>
<marc:datafield ind1="3" ind2="0" tag="866">
<marc:subfield code="8">0</marc:subfield>
<marc:subfield code="a">2 v.</marc:subfield>
</marc:datafield>
<marc:datafield ind1="3" ind2="0" tag="866">
<marc:subfield code="8">0</marc:subfield>
<marc:subfield code="a">(v.1-2); id=9999</marc:subfield>
</marc:datafield>
<marc:datafield ind1=" " ind2=" " tag="950">
<marc:subfield code="l">RBC</marc:subfield>
<marc:subfield code="e">\\\\\\\\Singer-\\\\Menden-\\\\hall\\\\</marc:subfield>
<marc:subfield code="v">2 v.</marc:subfield>
<marc:subfield code="i">02/10/86 C</marc:subfield>
</marc:datafield>
<marc:datafield ind1=" " ind2=" " tag="955">
<marc:subfield code="l">RBC</marc:subfield>
<marc:subfield code="c">1:(v.1-2)</marc:subfield>
<marc:subfield code="q">726123-24</marc:subfield>
<marc:subfield code="i">02/10/86 C</marc:subfield>
</marc:datafield>
<marc:datafield ind1=" " ind2=" " tag="989">
<marc:subfield code="2">Indifference</marc:subfield>
<marc:subfield code="2">Novel</marc:subfield>
<marc:subfield code="2">Volume</marc:subfield>
<marc:subfield code="3">Affected</marc:subfield>
<marc:subfield code="v">v.1</marc:subfield>
</marc:datafield>
<marc:datafield ind1=" " ind2=" " tag="989">
<marc:subfield code="2">Indifference</marc:subfield>
<marc:subfield code="2">Novel</marc:subfield>
<marc:subfield code="2">Volume</marc:subfield>
<marc:subfield code="3">Affected</marc:subfield>
<marc:subfield code="v">v.2</marc:subfield>
</marc:datafield>
<marc:datafield ind1=" " ind2=" " tag="999">
<marc:subfield code="a">MR</marc:subfield>
<marc:subfield code="b">5/27/11</marc:subfield>
<marc:subfield code="c">Swarthmore College</marc:subfield>
</marc:datafield>
</marc:record>